1853 2616
534 33 1371 128 ORATIO'
1517 85 1567 127 η

268 196 338 240 ut
369 182 429 239 &
461 172 825 259 disceptatum
860 177 930 240 de
954 180 1052 240 illo
1079 179 1173 250 fit,
1202 181 1391 241 utrum
1412 181 1563 251 Dux,

266 288 344 325 an
382 267 466 325 vir
497 266 725 338 melior,
769 265 945 328 fuerit.
1033 269 1242 349 Neque
1289 288 1422 328 cum
1460 269 1560 327 illo

274 371 491 413 tanturn
519 352 796 414 intercidit
819 351 1179 415 Thebanorum
1209 356 1411 437 gloria,
1441 355 1561 413 nui*

277 440 339 500 lis
383 441 578 521 postea
619 441 956 512 virtutibu5‚
1014 440 1107 501 sed
1148 440 1394 501 cladibus
1441 439 1560 499 infi

274 529 503 608 gnium3
548 549 744 587 verum
784 531 954 589 virtus
1005 551 1236 609 quoque
1283 523 1561 587 Athenien

263 610 399 693 fiam
416 613 671 673 hebetata
698 613 815 674 fuit.
900 615 1130 674 Sublata
1163 618 1313 672 enim
1342 614 1560 673 aemula

276 704 462 769 tione,
495 721 662 781 quam
690 702 780 759 ille
803 704 1065 760 acerrime
1091 703 1232 759 inter
1263 721 1461 759 omnes
1476 721 1562 758 ac-

277 784 565 855 cenderat,
609 808 679 844 ex
700 787 891 845 labore
909 793 969 845 ὃς
987 786 1085 866 ipfi
1113 789 1170 843 in
1199 790 1475 866 quietem,
1500 790 1561 842 &

278 892 347 928 ex
380 874 565 950 quiete
592 875 646 930 in
678 873 947 931 luxuriam
975 871 1216 953 prolapfi
1247 869 1401 940 sunt,
1434 891 1560 950 quae

279 954 521 1038 denique
560 959 661 1017 illis
705 963 763 1017 &
808 958 975 1018 finem
1027 958 1220 1041 gloriae
1265 963 1324 1016 δε
1364 959 1559 1038 jugum

281 1039 552 1100 servitutis
584 1042 972 1119 superinduxit.

363 1126 666 1204 Postquam
693 1127 841 1182 enim
872 1122 1148 1206 Philippus
1165 1172 1179 1194 ‚
1224 1123 1560 1183 Macedonici

279 1209 369 1267 ille
398 1211 690 1290 ampliator
722 1211 940 1290 Regni,
966 1211 1096 1290 post
1132 1210 1396 1291 praeludia
1425 1232 1560 1269 con-

280 1293 570 1354 stituendae
600 1294 994 1354 dominationis
1012 1344 1025 1364 ‚
1059 1298 1114 1353 in
1146 1292 1381 1372 Illyrios,
1426 1296 1560 1376 Cap-

270 1379 488 1460 padoces
516 1428 530 1449 ,
571 1376 829 1460 Thcffidos
874 1386 933 1437 &
979 1378 1250 1464 Phocenses
1294 1384 1530 1439 exercita
1546 1428 1560 1449 ‚

278 1467 433 1524 velut
456 1465 629 1524 robur
656 1470 713 1523 &
745 1486 844 1524 cor
875 1463 1116 1534 Graeciae,
1133 1462 1452 1547 Athenierffe's
1477 1466 1558 1524 est

282 1549 535 1620 adortus,
579 1572 951 1630 nequaquam,
988 1547 1248 1610 Thebanis
1284 1552 1412 1625 licet
1438 1553 1560 1630 opi-

283 1637 610 1705 tulantibUS‚
638 1637 916 1695 violentiae
945 1638 1060 1711 ejus
1091 1636 1331 1695 resistere
1361 1655 1559 1716 potue-

282 1742 695 1802 runt‚c0rpora
726 1719 953 1802 quidem
983 1744 1187 1804 pugn-ae
1218 1720 1559 1795 objiciente5‚

284 1805 376 1867 sed
415 1830 532 1866 non
589 1811 835 1864 animum
877 1809 1030 1864 illum
1060 1854 1074 1876 ,
1133 1806 1335 1887 quibus
1370 1806 1558 1865 fratffae

286 1890 564 1977 Perfizrum
602 1890 860 1952 recessere
901 1897 1042 1952 vires
1062 1939 1077 1963 ,
1124 1898 1182 1951 &
1224 1894 1348 1973 plus
1396 1890 1561 1951 semel

276 1984 498 2062 magnis
530 1979 853 2042 succeffibus
890 1976 1152 2042 universae
1185 1978 1401 2040 Graect'ae
1443 1999 1561 2038 ten.-

1084 2068 1139 2124 D
1455 2084 1564 2125 tata
