1853 2616
593 41 662 103 Ο
732 37 795 102 R
864 38 930 104 A
999 36 1063 102 T
1109 37 1168 104 Ῑ
1229 38 1312 103 Ο·
1553 64 1598 109 ¹5

301 176 417 218 vox
461 157 590 232 ejus
620 154 870 226 ultima,
912 175 1020 236 qua
1062 152 1326 215 heredem
1373 157 1596 239 Imperii

300 243 431 303 fecit
472 238 823 325 dig777'ffl777u777.
911 242 1133 302 Omnes
1177 245 1325 301 enim
1369 241 1592 306 summis

298 330 499 391 abhinc
538 330 704 390 annifi
744 328 869 391 sunt
897 330 1136 401 viribUS,
1180 350 1244 389 ut
1273 351 1444 390 nemo
1486 331 1592 393 sese

296 419 678 498 praestantiot',
721 435 815 478 aut
871 419 1115 498 Imperio
1172 416 1451 481 videretur
1509 419 1589 480 di-

296 523 478 585 gmon

48 617 65 640 ι
379 592 558 650 Facile
601 607 787 649 autem
832 589 1055 670 fingulis
1088 588 1190 647 fuit
1218 590 1452 648 aemulos
1482 592 1587 650 vir-

292 679 423 735 tutis
443 683 501 736 &
519 678 741 758 glori-ce,
757 677 1154 756 imo&Regni
1183 671 1292 745 sui,
1307 678 1584 749 invenire,

294 780 423 818 nam
462 762 646 829 ficuti,
690 761 788 819 nifi
819 760 918 840 ipfi
953 764 1094 820 inter
1133 757 1238 817 sese
1276 765 1584 820 concurris-

291 843 439 916 sent,
486 852 545 904 &
575 846 927 904 aemulatione
961 863 1153 903 mutua
1181 848 1417 904 maxima
1448 868 1583 905 con-

290 930 537 991 citassent
565 931 709 991 bella
725 980 738 1002 ,
753 952 910 1013 pares
935 929 1203 1012 nusquam
1227 930 1580 1012 reperifl'entg

288 1020 362 1076 ita
406 1018 731 1077 foecundam
775 1022 1012 1072 maxime
1042 1020 1341 1072 Histoficis
1358 1063 1372 1084 ‚
1398 1040 1582 1075 rerum

288 1103 420 1158 mira
438 1097 797 1157 vicissitudine
823 1095 977 1155 sortis
993 1097 1295 1177 gestarum,
1310 1102 1579 1179 reliquere

289 1187 585 1242 materiam.
629 1180 783 1264 Ipsos
815 1183 1143 1240 6111111ιὶ105
1129 1202 1270 1240 mter
1298 1180 1350 1241 se
1380 1185 1418 1242 fi
1443 1208 1579 1244 con-

288 1269 427 1329 ferre
466 1270 730 1339 velimus,
775 1270 897 1348 quis
925 1265 1179 1331 Perdicca
1219 1267 1322 1328 fuit
1366 1275 1576 1353 magni-

290 1355 573 1425 ficentior,
619 1355 838 1416 Eumene
867 1352 1095 1424 fortior,
1140 1351 1393 1437 Antigono
1425 1376 1577 1416 man-

286 1437 850 1519 sueti01‚Lyf777ach0
892 1438 1236 1509 bellicosior,
1280 1439 1480 1501 Seleuco
1512 1449 1573 1501 &

289 1523 560 1585 Ptolemaeo
605 1525 933 1609 prudentior
973 1530 1033 1584 &
1062 1487 1433 1586 fortunatior?
1477 1532 1575 1608 qui

288 1610 506 1672 sublatis
536 1612 796 1671 omnibus
838 1612 1083 1680 aemulis,
1118 1614 1363 1673 maxima
1406 1610 1574 1690 Syriae

288 1717 454 1779 atque
485 1695 726 1779 AEgypti
746 1715 996 1756 tenentes
1025 1696 1253 1779 Regna,
1294 1697 1366 1756 ad
1404 1695 1573 1757 seram

288 1784 670 1865 posteritatem
724 1784 970 1864 Regium
1008 1780 1244 1859 Nomen
1302 1803 1573 1866 propaga-

290 1890 433 1929 tunt.

373 1956 774 2037 Regrediamur
798 1958 855 2015 in
871 1955 1149 2037 Europam,
1162 1953 1257 2016 sed
1273 1974 1457 2016 tamen
1482 1959 1573 2023 ita,

995 2044 1057 2103 D
1104 2063 1132 2100 2
1515 2060 1591 2102 ut.
