1853 2616
262 59 323 88 ιο
572 31 770 95 OR
837 26 1279 91 ATIO.

263 145 415 210 dedit
443 192 459 215 ,
516 146 611 223 qui
650 146 1053 222 interrogatus:
1111 140 1323 219 Utrum
1363 141 1530 220 pluris

263 234 477 290 Patrem
491 275 506 296 ‚
548 227 860 286 Matremne
889 224 1121 285 faceret?
1150 226 1392 283 Matrem
1407 272 1422 294 ,
1453 248 1534 283 re.

263 310 537 398 spondiffe
568 311 749 373 fertur.
837 308 1022 384 Quod
1050 329 1226 390 quum
1272 310 1531 371 omnibus

259 404 463 461 mirum
490 397 765 457 videretur
782 429 808 466 3r
841 393 1118 470 subjecisse
1142 416 1154 452 ε
1198 393 1275 453 At
1300 399 1533 456 merito!

259 471 413 544 Nzim
423 485 639 541 Patrem
652 530 667 550 ‚
691 483 1041 560 quantum-iu
1061 476 1113 537 se
1138 477 1262 548 fuit,
1276 477 1530 538 Thracem

258 565 365 630 sese
409 562 691 649 genuiss'e:
748 584 940 629 contra
983 565 1233 626 Matrem.
1255 560 1529 624 Atheniem

239 649 366 734 fem.
1335 677 1340 682 ·

341 738 519 799 Nirnii
545 735 584 793 fi
606 734 749 795 forte
763 738 820 793 in
836 732 1077 794 Palladis
1085 736 1265 795 Urbis
1283 737 1531 795 alumno-

257 841 386 883 rum
413 819 661 880 laudibus
709 823 967 898 cuiquam
1008 817 1161 878 fuisse
1189 819 1531 890 Videbimur3

257 904 496 965 Laconica
538 925 712 983 porro
755 907 815 961 iis
845 903 1209 982 defungemur
1230 951 1244 971 ,
1289 925 1533 983 quorum

258 988 697 1065 breviloquentia
727 992 890 1046 etiam
914 992 968 1044 in
985 989 1349 1047 Proverbium
1384 988 1529 1048 abiit.

257 1073 314 1129 Si
339 1092 531 1129 tamen·
567 1072 753 1147 paucis
796 1068 1031 1126 dicenda·
1067 1073 1237 1127 virtus
1283 1071 1532 1142 illorum,

258 1158 352 1234 qui
398 1154 603 1220 facere,
648 1173 814 1230 quam
848 1151 1029 1210 dicere
1073 1172 1389 1213 amaverunt
1407 1186 1430 1224 ς
1470 1161 1531 1213 δε

254 1240 366 1297 aliis
380 1302 384 1306 ,
397 1240 714 1317 permittere
739 1233 1144 1295 scribendarum
1159 1238 1531 1298 Historiarum

255 1322 507 1390 laudem,
550 1319 728 1381 modo
759 1321 857 1400 ipfi
889 1323 1139 1403 exempla
1168 1320 1527 1383 scribentibus

253 1408 634 1467 ministrarent.

333 1490 411 1549 At
440 1493 566 1568 quis,
603 1489 737 1546 mihi
778 1492 988 1569 primus
1025 1512 1093 1548 ex
1138 1492 1237 1549 illa>
1255 1494 1437 1550 Gente
1468 1499 1527 1552 δε

253 1575 494 1634 Civitate
520 1571 817 1642 dicendu8‚
861 1577 1013 1649 cujus
1045 1573 1321 1634 universus
1347 1579 1530 1658 popu,-

249 1658 334 1717 lus
363 1658 496 1719 nihjl
530 1656 676 1716 aliud
723 1658 819 1718 nifi
851 1660 1171 1738 quotidiana
1194 1664 1408 1719 virtutis
1452 1666 1531 1720 in.-

250 1746 431 1801 vicem
476 1742 578 1801 fuit
617 1745 931 1802 aemulatio?
974 1744 1094 1805 Ubi
1124 1747 1322 1806 relisto
1368 1749 1529 1817 colob,

254 1832 313 1888 &
339 1824 527 1907 spretis
557 1828 700 1888 luxu⁴
719 1831 874 1888 omni
912 1849 1077 1911 atque
1117 1830 1351 1900 deliciis,
1394 1832 1525 1892 nihil

254 1913 585 1976 muliebriter
611 1936 715 1997 pro
752 1914 1367 2002 consuetaimpotentia
1396 1916 1526 1976 deli-

1374 2023 1525 2062 catus
