1853 2616
291 74 342 114 18
564 37 1275 125 ORATIO.

286 197 458 263 gnem
486 179 653 234 trium
669 192 799 233 toto
814 172 977 232 Orbe
1006 177 1379 232 maximorum
1394 176 1574 256 Impe-

287 282 534 324 ratorum
565 281 750 321 morte
779 280 986 320 annum
1016 257 1212 319 effecit.
1274 259 1385 320 Sed
1413 266 1471 320 δε
1516 264 1573 321 in

287 350 400 409 hoc
417 347 548 406 mihi
563 351 608 417 ‚i
652 348 753 407 fius
767 350 958 415 DuciS‚
974 348 1202 426 ejusque
1213 347 1422 417 Patriae,
1442 368 1573 406 cum

288 432 572 516 Epaminon
608 452 644 491 a
671 443 835 513 atque
864 426 1124 491 Thebanis
1139 481 1153 503 ‚
1170 433 1365 490 aemula
1396 435 1573 492 Sortis

285 520 504 579 videtur
546 517 698 578 fuisse
756 516 1105 598 conspiratio,
1210 519 1364 577 Sicut
1422 522 1572 577 enim

285 605 497 666 affiduis
526 604 773 666 cladibus
799 601 1040 665 Thebani
1072 608 1245 665 Ducis
1283 607 1570 664 memori-ee

283 690 386 750 fuit
425 711 772 771 parentatum
804 725 820 761 3
880 694 951 751 ita
999 696 1059 751 &
1099 687 1310 760 Achaei,
1354 689 1570 750 sublato

285 797 456 857 quem
484 777 868 835 aemularentur
897 778 1045 836 cives
1063 823 1076 845 ‚
1122 775 1360 857 prolapfi
1389 778 1444 833 in
1477 774 1571 834 de-

284 862 633 931 fidiam‚non
659 864 830 943 longe
862 863 992 941 post
1022 866 1078 919 in
1098 861 1440 920 Romanorum
1479 881 1572 919 ve-

283 948 415 1006 nere
446 949 782 1027 potestatem
800 979 816 1017 3
836 968 1001 1027 atque
1027 945 1137 1028 ipsa
1163 945 1567 1028 opulentiffima

280 1032 445 1091 Urbe
476 1029 716 1089 Corintho
734 1077 748 1097 ‚
764 1035 943 1110 capite
962 1034 1179 1110 Regni,
1196 1031 1374 1091 diruta
1390 1078 1403 1101 ‚
1426 1032 1571 1090 Baeo-

278 1129 445 1174 torum
499 1115 798 1171 infelicitati
844 1120 904 1171 &
949 1111 1244 1172 Thebarum
1304 1116 1572 1173 everfioni

280 1199 551 1280 adaequati
579 1195 718 1257 sunt.

362 1288 573 1365 Neque
613 1287 760 1342 enim
800 1284 952 1341 aliter
983 1284 1095 1342 fieri
1139 1288 1327 1364 potuit
1352 1331 1366 1353 ‚
1410 1287 1572 1364 quin,

279 1368 609 1429 cessantibus
639 1369 905 1449 exemplis
925 1417 938 1437 ,
983 1372 1182 1448 pariter
1207 1375 1265 1428 &
1286 1371 1571 1429 aemulatio

278 1460 339 1513 &
367 1453 478 1535 ipsit
507 1458 678 1514 virtus
708 1452 1045 1513 concideret.
1092 1455 1370 1535 Magnum
1397 1455 1535 1514 illud
1558 1504 1571 1525 ‚

276 1544 337 1598 δε
385 1543 441 1597 in
470 1536 579 1620 ipsa
626 1541 779 1597 ruina
830 1537 1195 1598 metuendum
1235 1536 1571 1600 Macedonici

274 1626 497 1706 Imperii
540 1626 808 1707 Regnum
838 1672 852 1694 ‚
910 1624 1008 1684 ubi
1054 1626 1309 1706 exempla
1354 1628 1571 1686 virtutis

272 1729 440 1790 atque
469 1713 834 1770 aemulationis
859 1709 1113 1771 defecere
1129 1759 1144 1781 ,
1159 1729 1404 1792 repente,
1417 1713 1571 1773 velut

273 1794 502 1854 fulmine
531 1796 711 1856 istum
729 1843 746 1866 ,
768 1793 1082 1879 diffipatum
1112 1817 1277 1879 atque
1299 1797 1566 1869 deletum,

275 1884 492 1941 interiit.
566 1880 687 1944 Ubi
713 1885 883 1944 virtus
913 1882 1204 1956 Demetrii,
1247 1886 1463 1944 alterius
1494 1906 1564 1944 ex

279 1964 518 2052 Phihppi
549 1967 669 2028 filiis
686 1972 809 2051 ,qui
838 1970 1012 2032 Romae
1039 1968 1199 2032 obses
1231 1969 1404 2033 fuerat
1419 2019 1435 2042 ‚
1462 1971 1566 2030 fra-

1422 2075 1563 2116 trem
