1853 2616
341 68 370 103 a
646 50 711 113 Ο
776 50 846 111 'R
910 47 1001 111 A.
1047 45 1110 109 T
1173 48 1351 112 120.

341 169 398 222 in
456 161 748 220 clarisfimis
793 161 893 217 illis
932 157 1152 218 duobus
1188 160 1326 219 Belli
1367 159 1601 224 fulmini..

340 247 441 306 bus
452 292 466 316 ‚
481 241 736 321 Miltiade
752 291 766 314 ‚
781 262 942 323 atque
953 239 1277 321 Themistocle
1290 289 1305 311 ,
1320 247 1601 306 inveniun-

337 350 442 389 tur.
525 328 684 405 Qid
708 332 854 388 enim
878 327 1121 387 nobiljus
1143 341 1327 408 pugna
1353 330 1440 387 illa
1465 328 1599 389 Ma-

332 412 573 475 rathonia
589 462 604 483 ‚
648 420 706 472 &
724 415 975 494 Tropaeis
1004 413 1102 472 illis
1120 460 1134 482 ‚
1178 430 1418 491 quorum
1448 418 1601 495 cogi-

335 502 471 558 tatio
506 497 727 558 dulcem
768 519 882 578 prae
915 497 1130 555 cunctis
1147 511 1161 565 ,'
1202 495 1335 554 fesso
1348 495 1601 567 homini,

333 579 590 640 somnum
616 581 889 640 adimebat
911 577 1229 659 Themistocli
1241 583 1267 638 ἓ
1287 582 1400 637 Hic
1431 600 1597 658 quam

335 665 475 726 bene
505 666 800 744 magnificis
826 668 961 725 tanti
974 667 1328 745 Imperatoris
1345 663 1596 722 laudibus

334 753 394 804 δε
424 748 593 807 rebus¹
620 749 781 827 gestis
807 746 1057 806 succesfit
1074 754 1095 805 !.
1132 749 1386 824 Uterque
1412 749 1600 803 ‘Maxi-

332 850 490 890 mum
548 832 793 912 Regem,
849 833 1018 889 totius
1076 828 1214 909 Afiae·
1265 829 1596 887 instructum

329 914 534 974 'viribus
550 962 565 983 ‚
610 911 1141 974 &numerofisfimos
1170 915 1433 971 exercitus
1451 960 1480 981 ,,
1507 911 1599 972 de-

329 1002 459 1055 vicit
474 1041 488 1064 ‚
531 998 747 1052 delevit-
793 999 1047 1076 Uterque
1063 1045 1078 1066 ,
1124 1003 1182 1054 &
1219 1001 1273 1054 in
1303 995 1597 1077 providem,

329 1079 409 1137 do
438 1097 657 1145 cautu&
683 1084 740 1135 δε
756 1080 819 1134 in.
842 1076 1190 1154 exsequendo
1217 1099 1473 1155 promtus
1492 1123 1506 1144 ,
1522 1084 1600 1135 vi-

328 1161 563 1220 storiam
574 1181 691 1217 non
718 1179 950 1218 numero
976 1161 1211 1217 militum
1227 1206 1241 1228 ‚
1260 1158 1358 1217 sed
1368 1164 1569 1218 virtute
1583 1211 1598 1232 ‚

324 1247 503 1325 parari
538 1242 799 1302 ostendit.
880 1245 1037 1301 Pares
1082 1249 1139 1301 &
1173 1245 1237 1300 in1
1271 1243 1393 1311 illo,
1437 1245 1597 1322 quod

323 1327 555 1396 invidia,
598 1348 908 1406 quamraro
936 1327 1121 1384 bonus
1153 1324 1442 1405 quisquam.
1464 1327 1597 1387 effu÷

324 1404 406 1491 git
434 1458 449 1479 ‚
509 1411 749 1490 oppreffi
770 1457 785 1479 ,
841 1411 936 1468 ille⁴
969 1409 1193 1489 quidem
1237 1431 1507 1469 carcerem
1533 1420 1594 1471 δε

321 1512 572 1556 mortem..
591 1514 796 1574 magno
825 1495 1010 1555 tulerit
1049 1497 1232 1554 animo
1263 1541 1278 1564 ,
1333 1495 1422 1552 hic
1451 1517 1591 1555 vero

323 1576 563 1635 exfih'um
599 1582 661 1635 δε
689 1576 1114 1637 damnationem.

404 1664 470 1720 In
497 1682 873 1720 arenamnunc
899 1663 1132 1741 prodeat
1148 1685 1242 1743 par
1267 1666 1411 1724 bene
1440 1687 1594 1725 com-

322 1764 569 1824 paratum
584 1792 597 1813 ,
640 1747 846 1825 eloquii
888 1743 1047 1805 suada
1073 1749 1308 1808 invictus
1337 1749 1592 1821 Pericles,

323 1833 383 1888 ὅτ.
417 1826 751 1890 sublimitate·
766 1829 1023 1890 cothurni
1039 1833 1295 1914 Princeps
1311 1832 1590 1914 Sophocles.

320 1911 430 1972 11115
483 1910 681 1978 scilicet
740 1916 1078 1998 temporibus
1125 1938 1253 1979 vere
1310 1920 1591 2001 magnifici

1513 2025 1591 2063 m-
