1853 2616
559 39 636 99 Ol
697 36 758 98 R
824 34 891 97 A
963 33 1024 99 T
1084 34 1125 97 ’Ῑ
1187 38 1269 99 Οἳ·
1513 59 1560 90 rx

281 168 431 211 catus
459 150 587 209 fecit
616 146 767 209 sexus
782 196 798 218 ,
812 169 1003 208 verum
1019 195 1034 217 ,
1047 201 1051 205 .
1064 152 1281 208 aemulae.
1304 150 1474 210 laudis
1489 155 1558 210 E-

280 236 594 319 pheborum
621 238 855 318 virgines
872 235 1164 315 Gymnafia
1185 235 1557 316 Spartanorum

278 341 408 380 toto
434 321 594 380 Orbe
638 320 833 381 fecere
859 320 1105 381 celebria.
1190 319 1367 379 Laudi
1409 342 1555 381 certe

275 404 500 466 Lacaenis
527 405 675 464 ceffit
689 454 704 474 ,
726 407 933 479 majore
961 406 1252 463 mulierum
1282 428 1447 502 quem
1477 412 1555 466 vi-

276 511 466 550 rorum
474 494 682 551 virtute
709 488 954 571 repulsus
982 491 1170 549 hostis.
1187 489 1264 548 At
1279 512 1372 570 qur
1358 513 1399 548 s
1424 493 1551 551 ille?

277 579 365 634 cui
395 577 608 636 nullum
623 578 877 659 Regum,
893 595 985 634 aut
1012 578 1447 656 Imperatorum,
1462 578 1552 634 vel

276 664 420 734 ejuS,
462 664 551 720 vel
580 660 864 741 superioris
894 663 1095 728 aetatiS,
1113 658 1550 739 comparandum

276 743 428 803 fuiffe
459 746 779 825 perhibent,
824 743 1086 820 Pymlmm
1118 742 1396 824 Epivotam

361 827 570 902 Quales
600 833 658 886 in
687 830 774 886 ina
799 831 1069 898 Civitate,
1113 849 1287 908 quum
1313 831 1548 887 maxime

275 911 493 993 Lycurgi
534 913 766 971 floruere
808 915 1092 983 instituta,
1152 920 1209 971 &
1243 918 1354 971 auri
1396 918 1549 971 inco-

274 1001 456 1077 gnitus
485 999 689 1078 pallor,
712 1001 875 1059 Viros
908 996 1060 1056 fuisse
1085 997 1368 1053 dicemus?
1386 994 1549 1056 Codro

274 1079 372 1138 suo
413 1081 662 1138 Nobiles
699 1078 953 1137 incedant
990 1077 1321 1160 Cecwpidae,
1377 1103 1547 1159 quem

275 1166 350 1222 illi
393 1185 609 1244 oppon
593 1182 685 1221 ant
719 1161 968 1242 Spartani
1010 1163 1216 1221 habent
1243 1161 1546 1234 Leonidam,

275 1267 432 1306 tanto
472 1246 853 1328 ipeciofiorem
897 1248 1188 1317 aemulum,
1231 1249 1388 1327 quod
1428 1271 1546 1306 non

275 1354 382 1412 pro
417 1333 675 1400 νίἇὶοιὶει,
718 1331 788 1389 de
853 1333 1066 1400 Gente,
1113 1331 1195 1390 G}
1197 1351 1299 1391 ceca
1330 1336 1546 1415 Lingua

278 1422 335 1474 &
379 1416 636 1474 institutis
671 1434 859 1473 utente
891 1462 902 1482 ,
961 1415 1160 1474 fortem
1213 1418 1546 1495 impenderit

277 1503 544 1569 animam,
589 1497 708 1569 sed,
752 1521 855 1580 pro
885 1501 1055 1557 Patria
1102 1498 1222 1570 sua,
1266 1504 1379 1559 imo
1424 1505 1544 1559 uni-

277 1584 422 1644 versa
453 1582 688 1653 Graecict,
730 1606 799 1641 ne
813 1580 1069 1642 Barbaris
1097 1583 1314 1643 serviret
1332 1632 1345 1653 ,
1388 1583 1439 1642 se
1467 1606 1544 1644 at-

279 1692 386 1749 que
431 1689 718 1729 trecentos
754 1669 876 1727 flios
901 1714 917 1738 ,
974 1667 1249 1749 Spanum-
1277 1669 1543 1743 objecerit

278 1759 496 1815 moenia.

354 1842 633 1932 Magnum
663 1838 788 1898 sane
809 1841 992 1897 virum
1013 1835 1363 1909 Alcibiadem,
1393 1841 1549 1899 illum'

282 1921 464 2013 Cliniae
518 1932 577 1987 &
621 1922 1254 2070 DinomacheSCFilium,
1324 1888 1444 2070 §og
1445 1924 1554 2067 offis·

1074 2056 1097 2068 .,
1442 2030 1570 2068 101-.·ν
