1853 2616
276 4 335 102 ιό
589 49 1302 117 ORATIO.

273 161 686 222 formidandam
727 165 941 247 ubique
963 163 1337 224 reddiderunt.
1380 161 1560 222 Utro-

275 269 387 328 que
426 269 564 308 vero
608 248 801 309 amiss'o
818 298 834 322 ‚
870 273 989 311 non
1029 251 1272 309 finitimis
1317 268 1562 319 tantum,

274 331 368 394 sed
385 340 444 394 &
461 339 692 396 remotis
721 336 968 419 populis,
982 332 1188 419 praedae
1212 330 1307 415 spe
1335 335 1561 405 allectis,

273 440 382 500 pro
412 419 554 479 facili
583 425 850 503 portione
877 420 1228 482 accesserunt.

361 504 594 567 Credite
634 528 785 568 nunc
828 505 1090 567 eundem.
1117 503 1377 566 ardorem
1392 550 1409 575 ,
1465 509 1564 585 qui

276 595 335 649 in
378 594 562 673 praelia
604 597 834 655 armavit
876 595 1074 653 milites
1104 639 1119 662 ‚
1164 597 1224 650 &
1265 592 1563 650 bellatores

278 677 421 736 mifit
451 680 508 735 in
548 682 723 737 aciem
738 727 754 749 ‚
783 679 1059 739 nobiliora
1081 681 1305 759 ingenia
1334 673 1564 735 incredi-

280 761 379 819 bili
397 761 874 837 defiderioafflaffe
891 796 907 835 3
922 783 986 823 ut
1003 811 1017 834 ,
1046 762 1196 843 quafi
1224 780 1387 820 exuta
1415 781 1565 819 mor·
1629 807 1630 811 ,

283 846 377 906 tali
418 846 746 910 conditione
762 897 776 920 ,
821 870 921 932 per
946 870 1044 909 ora
1067 851 1250 907 virum
1277 849 1402 907 viva
1425 845 1565 905 voli-

283 950 475 993 tarent.
506 937 675 1005 Hinc,
689 938 861 1015 quem
875 934 1169 1017 spirantem
1184 936 1354 1016 patria
1367 930 1456 991 sua
1471 934 1565 991 vix

281 1023 541 1099 agnovit,
582 1041 872 1078 mortuum
889 1069 903 1087 ,
945 1042 1188 1099 corpore
1230 1041 1349 1079 non
1392 1017 1565 1089 fama,

283 1105 463 1160 civem
502 1103 660 1160 suum
699 1100 911 1182 septem
950 1101 1298 1160 nobiliffimae
1342 1103 1532 1160 Urbes
1549 1150 1565 1173 ‚

280 1187 546 1247 Nummis
565 1235 580 1257 ,
639 1186 789 1257 Aris,
831 1187 1086 1267 Templis
1128 1183 1562 1247 vindicaverunt.

280 1273 370 1331 De
384 1272 386 1275 ’
402 1273 563 1355 Rege
589 1273 887 1332 Poetarum
905 1320 918 1342 ,
932 1271 1152 1333 Homero
1170 1280 1195 1343 ,’
1213 1272 1422 1353 loquor
1438 1319 1453 1342 ‚
1468 1292 1563 1332 cu—

276 1359 360 1433 jus
377 1405 391 1428 ‚
406 1358 542 1417 ficut
558 1361 821 1419 Carmina
834 1359 1142 1440 legentium
1157 1361 1426 1418 attonitos
1442 1380 1562 1417 non

276 1461 493 1503 tantum
534 1444 737 1504 feriunt
780 1446 995 1503 animos
1014 1493 1029 1515 ‚
1072 1443 1167 1503 sed
1195 1449 1254 1502 &
1299 1441 1371 1503 ad
1406 1445 1560 1505 Divi-

274 1549 405 1587 nam
431 1530 579 1588 illam
607 1529 803 1589 Artem
819 1578 833 1600 ‚
848 1530 985 1588 aestu
1011 1528 1161 1610 quafi
1190 1530 1432 1611 percitos
1453 1576 1467 1597 ,
1482 1550 1561 1589 ra-

271 1617 465 1694 piunt,
508 1617 582 1674 ita
624 1637 742 1675 non
783 1617 972 1697 potuit
1012 1637 1131 1675 non
1186 1614 1417 1674 aemulos
1448 1615 1559 1675 lau-

270 1698 354 1758 dis
382 1697 490 1758 suae
528 1703 788 1761 invenire.
814 1704 923 1760 ¹De
968 1696 1191 1761 Chaerilo
1221 1719 1285 1759 ut
1312 1698 1448 1758 nihil
1478 1700 1557 1759 di-

269 1804 394 1842 cam
408 1831 423 1854 ,
438 1784 612 1844 Samio
641 1787 738 1846 illo
755 1834 770 1856 ‚
812 1787 934 1855 vel,
977 1794 1042 1846 ut
1074 1788 1160 1846 alii
1187 1786 1390 1846 volunt
1406 1833 1421 1855 ‚
1443 1784 1557 1846 Ha-

268 1866 646 1956 licdrmſjhnss,
692 1870 834 1931 visus
866 1872 965 1931 fibi
998 1878 1057 1932 δε
1084 1868 1413 1952 quibusdam
1442 1872 1554 1932 aliis

270 1956 351 2016 est
385 1954 724 2019 Antimachus
782 1953 1115 2041 Colophonius
1172 1955 1244 2016 ad
1293 1954 1555 2017 Homerici

1417 2044 1553 2101 Car-
