1853 2616
290 112 350 151 Μ
602 81 1315 149 ORATIO·

285 220 394 264 tata
423 200 525 259 fuit
554 197 882 259 dominatio,

369 283 670 349 Alexandro
690 334 703 357 ‚
729 281 971 367 Philippi
984 283 1123 342 Filio
1141 330 1155 353 ,
1179 285 1295 352 cui,
1326 304 1369 342 a·
1387 305 1576 345 rerum·-

282 376 560 456 gestarum
588 371 995 456 magnitudine,
1015 367 1216 451 Magni
1243 391 1571 453 cognomen

282 459 504 521 adhaefit
533 508 547 530 ,
589 460 832 541 Imperio
877 478 976 539 par
1020 459 1231 518 animus
1276 456 1393 516 fuit.
1481 462 1569 518 In-

278 544 467 605 census
498 549 677 615 enim,
721 567 841 603 non
870 545 1041 603 Patris
1087 562 1338 613 tantum,
1380 539 1475 602 sed
1507 549 1568 604 &

279 628 523 691 AEacidae
541 680 554 701 ,
599 637 658 691 δε
703 630 866 713 ipfius
912 626 1152 691 Herculis
1169 678 1183 701 ‚
1229 631 1444 714 generis
1488 627 1568 689 sui

278 717 601 785 auctorum,
645 719 1032 787 aemulatione,
1076 737 1275 776 omnes
1309 720 1568 777 omnium

279 823 513 861 conatus
559 799 830 884 superavit
858 850 873 872 ,
933 807 992 861 δε
1038 805 1096 860 in
1140 802 1333 886 gloriae
1378 800 1566 861 studio

275 888 585 970 longiflime
614 889 746 969 post
771 886 824 948 se
862 888 1095 968 reliquit.
1186 888 1425 946 Tantam
1473 891 1568 947 ita-

275 994 386 1052 que
446 973 643 1032 futurae
699 972 1090 1056 magnitudinis
1168 971 1319 1054 spem
1379 976 1565 1034 animo

274 1061 572 1137 concipere
599 1061 813 1135 potuit,
858 1076 921 1113 ut
949 1058 1274 1129 trajecturus
1304 1062 1360 1113 in
1374 1058 1567 1133 Astam,

273 1147 333 1200 δε
362 1143 505 1199 stans
542 1143 598 1197 in
640 1140 973 1220 procindtu,
1032 1137 1208 1197 diviso
1251 1143 1394 1197 inter
1439 1147 1568 1199 ami-

269 1248 401 1296 cos,
446 1224 605 1305 quod
648 1224 746 1283 fibi
787 1228 844 1283 in
886 1222 1209 1284 Macedonia
1250 1246 1416 1305 atque
1464 1226 1567 1286 Eu-

268 1327 393 1395 ropa
435 1332 579 1381 erat,
622 1312 995 1392 patrimonio,
1025 1307 1131 1390 sthi
1162 1308 1339 1390 Asiam
1364 1308 1566 1395 suffice-

267 1417 324 1458 re
364 1397 619 1479 praefatus
648 1396 842 1467 fuerit,
889 1402 947 1455 &
974 1394 1276 1477 conspedka
1318 1401 1564 1478 primum

264 1483 453 1542 hostili
471 1503 610 1543 terra
628 1530 641 1553 ‚
656 1481 965 1541 incredibili
982 1481 1180 1542 ardore
1205 1486 1388 1552 animi,
1403 1486 1563 1543 Duo-

264 1567 448 1628 decim
473 1571 729 1629 Deorum
758 1588 872 1627 aras
901 1571 958 1626 in
988 1569 1118 1628 belli
1140 1587 1275 1628 vota
1301 1570 1561 1630 statuerit.

366 1655 562 1713 Tantis
616 1657 801 1734 itaque
841 1654 1006 1714 rebus
1054 1655 1220 1736 gestis
1253 1703 1268 1725 ‚
1326 1675 1562 1737 urgente

263 1739 380 1799 fato
407 1787 422 1809 ‚
465 1743 667 1798 merito
709 1738 931 1799 videtur
970 1740 1105 1798 mihi
1144 1742 1559 1802 circumstantes

263 1828 472 1884 amicos
514 1826 908 1906 percunctatus
949 1824 1104 1886 fuiffe
1127 1874 1141 1896 ‚
1185 1824 1560 1887 Viderenturne

251 1908 472 1987 ffinilem
499 1909 603 1991 sthi
645 1911 901 1994 reperturi
936 1913 1124 1994 Regem
1147 1918 1174 1974 ,ἒ
1236 1915 1558 1974 AEmulatio-

266 1998 351 2057 nis
388 2017 536 2058 certe
573 1998 837 2061 bellicum
896 2003 1039 2060 inter
1083 1997 1311 2061 eosdem
1357 2004 1559 2061 cecinit

1442 2106 1563 2149 vox.
