1853 2616
499 17 615 84 0
649 15 721 85 {R
790 22 857 86 A
901 11 991 86 *T
1059 23 1089 87 1
1143 21 1234 87 Ι0-
1498 46 1527 93 ’5

248 138 412 223 gesto
424 138 661 218 Regno,
697 155 769 197 an
799 137 888 197 hic
916 153 1222 199 contemto
1279 136 1524 219 Utrique

247 238 399 284 certe
426 222 724 303 plurimum
753 214 1151 304 Athemknfium.
1162 223 1362 283 debuit
1386 226 1521 283 Res

246 307 511 452 fficQ
541 308 654 378 Illi,
691 308 855 388 quod
884 309 1038 368 liberi
1067 331 1097 369 a
1131 306 1386 369 servitute
1420 308 1522 367 ho-

456 396 734 462 viverent
781 399 839 452 δε
877 390 1202 474 Dorienfium
1243 394 1521 465 vi&ores;

249 479 432 547 Huic,
460 473 633 557 quod
653 475 1037 560 Megarenfium
1060 479 1418 539 contuderint
1444 476 1519 535 fa-

250 562 427 632 stum3
473 567 565 631 &‚
593 563 751 641 quod
776 565 947 645 longe
975 566 1146 637 majus
1173 566 1284 633 est,
1328 581 1521 620 omnes

249 610 447 718 justitia
468 650 544 703 δε·
558 649 759 725 pietate
788 650 1017 707 vicerint
1045 608 1318 720 mortales,
1361 647 1520 704 Mor-

247 747 306 787 te
343 731 646 787 voluntaria
688 728 911 789 salutem
967 734 1158 789 'Patriae
1198 728 1411 788 Codrus*
1439 750 1521 786 re-

250 810 425 870 demit
441 859 456 881 ,
500 818 559 869 &
582 813 812 871 Oraculi
853 815 1102 893 implevit
1129 813 1310 872 fidem.
1409 813 1520 881 (ἴω,

250 898 376 975 pitis
417 893 494 953 sui
531 898 780 976 periculo
823 898 1051 957 Civium
1093 896 1361 956 indecoro
1405 896 1519 953 Ple-

250 976 447 1038 biscito
487 979 790 1039 adversatus
831 981 913 1039 est
953 979 1105 1048 Solon
1131 1023 1147 1046 ‚
1190 999 1352 1056 atque
1394 978 1517 1056 ipfis

254 1060 489 1141 Apolline
516 1063 692 1118 verius
721 1060 926 1117 exstitit
952 1061 1276 1119 Graculum.
1340 1061 1396 1118 Si
1425 1064 1519 1119 ita-

251 1164 363 1223 que
392 1145 673 1201 memoriae
700 1141 861 1201 Codri
889 1144 971 1201 est
1009 1142 1198 1202 datum
1214 1190 1228 1211 ‚
1260 1161 1323 1201 ut
1347 1162 1518 1201 nemo

255 1229 386 1309 post
413 1247 541 1285 eum
571 1224 785 1285 Athenis
806 1231 1138 1306 regnaverit,
1180 1225 1271 1284 sed
1298 1225 1409 1306 ipse
1439 1228 1518 1285 ul-

253 1317 420 1370 timus
453 1311 711 1369 exstiterit
741 1314 1004 1392 Regum3
1063 1333 1180 1369 non
1224 1331 1337 1369 tarn
1365 1310 1520 1369 Athe-

255 1393 438 1477 nienst‘s
467 1392 637 1453 Solom'
658 1442 672 1463 ,
708 1416 871 1474 quam
899 1393 1007 1473 ipsit
1036 1399 1227 1453 veritas
1273 1395 1520 1452 testimo-

257 1484 409 1538 nium
424 1482 560 1539 Viro
588 1479 853 1559 praebuit,
869 1481 927 1535 &
943 1481 1185 1557 primum
1200 1479 1519 1557 Sapientum

259 1561 481 1623 Solonem
510 1564 660 1621 dixit.

341 1648 418 1708 At
434 1650 695 1729 quoniam
721 1647 819 1706 fibi
833 1643 1150 1716 commode,
1166 1667 1290 1726 quae
1316 1644 1519 1725 stipien-

258 1737 346 1793 tiae
387 1754 502 1790 non
542 1751 756 1791 tantum
796 1750 916 1789 erat
943 1732 1106 1799 Dea,
1145 1729 1240 1789 sed
1269 1728 1327 1788 &
1359 1729 1521 1797 belli,

258 1815 564 1878 Minervam
586 1815 799 1897 elegere
826 1813 1174 1899 Athenienses,
1206 1818 1309 1873 vix
1351 1816 1521 1888 majo-

262 1922 316 1959 ra
329 1907 593 1963 virtutum
608 1907 666 1961 δε
682 1900 1036 1963 aemulationis
1058 1901 1310 1979 exempia
1324 1947 1339 1971 ,
1355 1916 1524 1978 quam

1088 1987 1134 2044 B
1470 1985 1526 2040 in
